@article{akter2024robust,
  title={Robust clinical applicable CNN and U-Net based algorithm for MRI classification and segmentation for brain tumor},
  author={Akter, Atika and Nosheen, Nazeela and Ahmed, Sabbir and Hossain, Mariom and Yousuf, Mohammad Abu and Almoyad, Mohammad Ali Abdullah and Hasan, Khondokar Fida and Moni, Mohammad Ali},
  journal={Expert Systems with Applications},
  volume={238},
  pages={122347},
  year={2024},
  publisher={Elsevier}
}

@article{elena2023brain,
  title={Brain Tumor Classification Deep Learning Model Using Neural Networks.},
  author={Elena Maquen-Ni{\~n}o, Gisella Luisa and Ayelen Sandoval-Juarez, Ariana and Rosa, Veliz-La and Andres, Robinson and Carri{\'o}n-Barco, Gilberto and Adrianz{\'e}n-Olano, Ivan and Vega-Huerta, Hugo and De-La-Cruz-VdV, Percy},
  journal={International Journal of Online \& Biomedical Engineering},
  volume={19},
  number={9},
  year={2023}
}

@article{nagarani2024self,
  title={Self-attention based progressive generative adversarial network optimized with momentum search optimization algorithm for classification of brain tumor on MRI image},
  author={Nagarani, N and Karthick, R and Sophia, M Sandra Carmel and Binda, MB},
  journal={Biomedical Signal Processing and Control},
  volume={88},
  pages={105597},
  year={2024},
  publisher={Elsevier}
}

@article{mohanty2024feature,
  title={Feature-enhanced deep learning technique with soft attention for MRI-based brain tumor classification},
  author={Mohanty, Bipin Ch and Subudhi, PK and Dash, Ratnakar and Mohanty, Bidyadhar},
  journal={International Journal of Information Technology},
  volume={16},
  number={3},
  pages={1617--1626},
  year={2024},
  publisher={Springer}
}

@article{sahoo2023efficient,
  title={Efficient simultaneous segmentation and classification of brain tumors from MRI scans using deep learning},
  author={Sahoo, Akshya Kumar and Parida, Priyadarsan and Muralibabu, K and Dash, Sonali},
  journal={Biocybernetics and Biomedical Engineering},
  volume={43},
  number={3},
  pages={616--633},
  year={2023},
  publisher={Elsevier}
}

@article{ranjbarzadeh2021brain,
  title={Brain tumor segmentation based on deep learning and an attention mechanism using MRI multi-modalities brain images},
  author={Ranjbarzadeh, Ramin and Bagherian Kasgari, Abbas and Jafarzadeh Ghoushchi, Saeid and Anari, Shokofeh and Naseri, Maryam and Bendechache, Malika},
  journal={Scientific Reports},
  volume={11},
  number={1},
  pages={1--17},
  year={2021},
  publisher={Nature Publishing Group}
}

@article{khan2024deep,
  title={Deep Learning-Based Brain Tumor Detection},
  author={Khan, Shaz Mumtaz and Nasim, Fawad and Ahmad, Jawad and Masood, Sohail},
  journal={Journal of Computing \& Biomedical Informatics},
  year={2024}
}

@article{khan2024brain,
  title={Brain Tumor Segmentation and Classification using Optimized Deep Learning},
  author={Khan, Muhammad Faheem and Iftikhar, Arslan and Anwar, Huzaifa and Ramay, Sadaqat Ali},
  journal={Journal of Computing \& Biomedical Informatics},
  volume={7},
  number={01},
  pages={632--640},
  year={2024}
}

@article{anantharajan2024mri,
  title={MRI brain tumor detection using deep learning and machine learning approaches},
  author={Anantharajan, Shenbagarajan and Gunasekaran, Shenbagalakshmi and Subramanian, Thavasi and Venkatesh, R},
  journal={Measurement: Sensors},
  volume={31},
  pages={101026},
  year={2024},
  publisher={Elsevier}
}

@inproceedings{shreyas2017deep,
  title={A deep learning architecture for brain tumor segmentation in MRI images},
  author={Shreyas, V and Pankajakshan, Vinod},
  booktitle={2017 IEEE 19th International workshop on multimedia signal processing (MMSP)},
  pages={1--6},
  year={2017},
  organization={IEEE}
}

@article{nawaz2022brain,
  title={Brain tumor classification based on hybrid optimized multi-features analysis using magnetic resonance imaging dataset},
  author={Nawaz, Syed Ali and Khan, Dost Muhammad and Qadri, Salman},
  journal={Applied Artificial Intelligence},
  volume={36},
  number={1},
  pages={2031824},
  year={2022},
  publisher={Taylor \& Francis}
}